<?xml version='1.0' encoding='UTF-8'?>
<record xmlns="http://www.loc.gov/MARC21/slim">
  <leader>01443cam a2200289Ia 4500</leader>
  <controlfield tag="001">5340653</controlfield>
  <controlfield tag="003">NjP</controlfield>
  <controlfield tag="005">20181008171849.0</controlfield>
  <controlfield tag="008">071227s1929    sy            000 0 ara d</controlfield>
  <datafield tag="024" ind1="7" ind2=" ">
    <subfield code="a">princeton_aco002768</subfield>
    <subfield code="2">local</subfield>
  </datafield>
  <datafield ind1=" " ind2=" " tag="035">
    <subfield code="a">(OCoLC)ocn185041531</subfield>
  </datafield>
  <datafield ind1=" " ind2=" " tag="040">
    <subfield code="a">PUL</subfield>
    <subfield code="c">PUL</subfield>
  </datafield>
  <datafield ind1=" " ind2=" " tag="066">
    <subfield code="c">(3</subfield>
  </datafield>
  <datafield ind1=" " ind2=" " tag="035">
    <subfield code="a">(OCoLC)185041531</subfield>
  </datafield>
  <datafield ind1=" " ind2="4" tag="050">
    <subfield code="a">BF1268</subfield>
    <subfield code="b">.A792 1929</subfield>
  </datafield>
  <datafield ind1=" " ind2=" " tag="049">
    <subfield code="a">PULL</subfield>
  </datafield>
  <datafield ind1="1" ind2=" " tag="100">
    <subfield code="6">880-01</subfield>
    <subfield code="a">Arzanjānī, Muḥammad Maʾmūn ʻAbd al-Wahhāb.</subfield>
  </datafield>
  <datafield ind1="1" ind2="0" tag="245">
    <subfield code="6">880-02</subfield>
    <subfield code="a">Ithbāth khulūd al-nafs bi-al-barāhīn al-ṭabīʻīyah ; al-Gharb amāma nūr jadīd ; Kayfa nastaqbil ʻām 1930 /</subfield>
    <subfield code="c">bi-qalam Muḥammad al-Maʾmūn al-Arzanjānī al-Akhṣāʾī.</subfield>
  </datafield>
  <datafield ind1=" " ind2=" " tag="260">
    <subfield code="6">880-03</subfield>
    <subfield code="a">[Damascus] :</subfield>
    <subfield code="b">Maktabat Malik al-Ẓāhir,</subfield>
    <subfield code="c">[1929?]</subfield>
  </datafield>
  <datafield ind1=" " ind2=" " tag="300">
    <subfield code="a">32 p. ;</subfield>
    <subfield code="c">20 cm.</subfield>
  </datafield>
  <datafield ind1=" " ind2="0" tag="650">
    <subfield code="a">Spiritualism.</subfield>
    <subfield code="0">http://id.loc.gov/authorities/subjects/sh85126775</subfield>
  </datafield>
  <datafield ind1=" " ind2="0" tag="650">
    <subfield code="a">Occultism.</subfield>
    <subfield code="0">http://id.loc.gov/authorities/subjects/sh85093821</subfield>
  </datafield>
  <datafield ind1="0" ind2=" " tag="740">
    <subfield code="a">Gharb amāma nūr jadīd</subfield>
  </datafield>
  <datafield ind1="0" ind2=" " tag="740">
    <subfield code="a">Kayfa nastaqbil ʻām 1930</subfield>
  </datafield>
  <datafield ind1="1" ind2=" " tag="880">
    <subfield code="6">100-01/(3/r</subfield>
    <subfield code="a">ارزنجاني، محمد مأمون عبد الوهاب.</subfield>
  </datafield>
  <datafield ind1="1" ind2="0" tag="880">
    <subfield code="6">245-02/(3/r</subfield>
    <subfield code="a">اثباث خلود النفس بالبراهين الطبيعية ؛ الغرب امام نور جديد ؛ كيف نستقبل عام 1930 /</subfield>
    <subfield code="c">بقلم محمد المأمون الارزنجاني الاخصائي.</subfield>
  </datafield>
  <datafield ind1=" " ind2=" " tag="880">
    <subfield code="6">260-03/(3/r</subfield>
    <subfield code="a">[دمشق] :</subfield>
    <subfield code="b">مكتبة ملك الظاهر،</subfield>
    <subfield code="c">[1929؟]</subfield>
  </datafield>
  <datafield ind1=" " ind2=" " tag="994">
    <subfield code="a">C0</subfield>
    <subfield code="b">PUL</subfield>
  </datafield>
  <datafield ind1=" " ind2=" " tag="902">
    <subfield code="a">kc</subfield>
    <subfield code="b">o</subfield>
    <subfield code="6">a</subfield>
    <subfield code="7">m</subfield>
    <subfield code="d">v</subfield>
    <subfield code="f">1</subfield>
    <subfield code="e">20071227</subfield>
  </datafield>
  <datafield ind1="0" ind2=" " tag="852">
    <subfield code="0">5502766</subfield>
    <subfield code="b">rcppa</subfield>
    <subfield code="h">BF1268</subfield>
    <subfield code="i">.A792 1929</subfield>
  </datafield>
  <datafield ind1=" " ind2=" " tag="959">
    <subfield code="a">2007-12-27 15:57:36 -0500</subfield>
  </datafield>
</record>
